@article{pca,
	author = "Tobias Holl",
	title = "Principal Component Analysis",
	journal = "Proseminar Data Mining",
	place = "Technische Universit{\'e}t M{\'u}nchen"
	}
	
@article{mds,
	author = "Florian Wickelmaier",
	title = "An introduction to \uppercase{MDS}",
	city = "Denmark",
	year = 2003
	}

@article{isomap,
	author = "Joshua B. Tenenbaum and Vin de Silva and John C. Langford",
	title = "A Global Geometric Framework for Nonlinear Dimensionality Reduction",
	journal = "Science vol 290",
	year = 2000
	}

@article{tsne,
	author = "Laurens van der Maaten and Geoffrey Hinton",
	title = "Visualizing Data using t-\uppercase{SNE}",
	journal = "Journal of Machine Learning Research",
	volumen = 9,
	year = 2008
	}
	
@article{gdescent,
	author = "Sebastian Ruder",
	title = "An overview of gradient descent optimization algorithms",
	city = "Dublin",
	year = 2016
	}
	
	
	
